01REMESSA01COBRANCA       00000000000004123376TESTE                         237BRADESCO       270319        MX0000001                                                                                                                                                                                                                                                                                     000001
10000000000000000000000900436045841801 0003765687 Z           0000000000013100000900000000002               0103765687 Z30041900000000125000000000001N270319000000000000000330000000000000000000000000000000000000000000000201074176000150ACADEMIA DA PRAIA LTDA                  AV.ERICO VERISSIMO, 390/400                         22621180                                                            000002
10000000000000000000000900436045841801 0003765688 Z           0000000000013100001700000000002               0103765688 Z26041900000000095000000000001N270319000000000000000250000000000000000000000000000000000000000000000201074176000150ACADEMIA DA PRAIA LTDA                  AV.ERICO VERISSIMO, 390/400                         22621180                                                            000003
10000000000000000000000900436045841801 0003765689 Z           0000000000013100002500000000002               0103765689 Z26041900000000105000000000001N270319000000000000000280000000000000000000000000000000000000000000000201074176000150ACADEMIA DA PRAIA LTDA                  AV.ERICO VERISSIMO, 390/400                         22621180                                                            000004
9                                                                                                                                                                                                                                                                                                                                                                                                         000005
